% Encoding: UTF-8

@Manual{Modelica2017,
  title = 	 {Modelica -- A Unified Object-Oriented Language for Physical Systems Modeling, Language Specification, Version 3.4},
  key = {Modelica},
  organization = {Modelica Association},
  month = apr,
  year = 2017,
  url  = {https://www.modelica.org/documents/ModelicaSpec34.pdf}
}
